@article{RadfordMC15,
  author    = {Alec Radford and
               Luke Metz and
               Soumith Chintala},
  title     = {Unsupervised Representation Learning with Deep Convolutional Generative
               Adversarial Networks},
  journal   = {CoRR},
  volume    = {abs/1511.06434},
  year      = {2015},
  url       = {http://arxiv.org/abs/1511.06434},
  archivePrefix = {arXiv},
  eprint    = {1511.06434},
  timestamp = {Mon, 13 Aug 2018 16:46:28 +0200},
  biburl    = {https://dblp.org/rec/bib/journals/corr/RadfordMC15},
  bibsource = {dblp computer science bibliography, https://dblp.org}
}
