@article{spatialConvolutions,
  author    = {Jonathan Tompson and
    Ross Goroshin and
    Arjun Jain and
    Yann LeCun and
    Christoph Bregler},
  title     = {Efficient Object Localization Using Convolutional Networks},
  journal   = {CoRR},
  volume    = {abs/1411.4280},
  year      = {2014},
  url       = {http://arxiv.org/abs/1411.4280},
  archivePrefix = {arXiv},
  eprint    = {1411.4280},
  timestamp = {Wed, 07 Jun 2017 14:40:21 +0200},
  biburl    = {https://dblp.org/rec/bib/journals/corr/TompsonGJLB14},
  bibsource = {dblp computer science bibliography, https://dblp.org}
}