@inproceedings{AlgorithmicRealism,
author = {Green, Ben and Viljoen, Salome},
title = {Algorithmic Realism: Expanding the Boundaries of Algorithmic Thought},
year = {2020},
isbn = {9781450369367},
publisher = {Association for Computing Machinery},
address = {New York, NY, USA},
url = {https://doi.org/10.1145/3351095.3372840},
doi = {10.1145/3351095.3372840},
booktitle = {Proceedings of the 2020 Conference on Fairness, Accountability, and Transparency},
pages = {19–31},
numpages = {13},
keywords = {law, critical algorithm studies, STS, algorithms, epistemology},
location = {Barcelona, Spain},
series = {FAT* '20}
}

@inproceedings{Green2019GoodIG,
  title={Good isn’t good enough},
  author={B. Green},
  year={2019}
}

@ARTICLE{2020arXiv200208512T,
       author = {Thomas, Rachel and Uminsky, David},
        title = "{The Problem with Metrics is a Fundamental Problem for AI}",
      journal = {arXiv e-prints},
     keywords = {Computer Science - Computers and Society, Computer Science - Artificial Intelligence},
         year = 2020,
        month = feb,
          eid = {arXiv:2002.08512},
        pages = {arXiv:2002.08512},
archivePrefix = {arXiv},
       eprint = {2002.08512},
 primaryClass = {cs.CY},
       adsurl = {https://ui.adsabs.harvard.edu/abs/2020arXiv200208512T},
      adsnote = {Provided by the SAO/NASA Astrophysics Data System}
}

@ARTICLE{2018arXiv180304585M,
       author = {Manheim, David and Garrabrant, Scott},
        title = "{Categorizing Variants of Goodhart's Law}",
      journal = {arXiv e-prints},
     keywords = {Computer Science - Artificial Intelligence, Quantitative Finance - General Finance, Statistics - Machine Learning, 91E45},
         year = 2018,
        month = mar,
          eid = {arXiv:1803.04585},
        pages = {arXiv:1803.04585},
archivePrefix = {arXiv},
       eprint = {1803.04585},
 primaryClass = {cs.AI},
       adsurl = {https://ui.adsabs.harvard.edu/abs/2018arXiv180304585M},
      adsnote = {Provided by the SAO/NASA Astrophysics Data System}
}

@book{DataFeminism,
    title={Data Feminism},
    author={d'Ignazio, Catherine and Klein, Lauren F.},
    publisher={MIT Press},
    year={2020}
}

@book{RaceAfterTechnology,
    title={Race After Technology: Abolitionist Tools for the New Jim Code},
    author={Benjamin, Ruha},
    publisher={Wiley},
    year={2019}
}

@misc{dotan2019valueladen,
    title={Value-laden Disciplinary Shifts in Machine Learning},
    author={Ravit Dotan and Smitha Milli},
    year={2019},
    eprint={1912.01172},
    archivePrefix={arXiv},
    primaryClass={cs.LG}
}

@ARTICLE{2020arXiv200206177M,
       author = {Marcus, Gary},
        title = "{The Next Decade in AI: Four Steps Towards Robust Artificial Intelligence}",
      journal = {arXiv e-prints},
     keywords = {Computer Science - Artificial Intelligence, Computer Science - Machine Learning, I.2, I.2.6},
         year = 2020,
        month = feb,
          eid = {arXiv:2002.06177},
        pages = {arXiv:2002.06177},
archivePrefix = {arXiv},
       eprint = {2002.06177},
 primaryClass = {cs.AI},
       adsurl = {https://ui.adsabs.harvard.edu/abs/2020arXiv200206177M},
      adsnote = {Provided by the SAO/NASA Astrophysics Data System}
}

@ARTICLE{2019arXiv190110002S,
       author = {Suresh, Harini and Guttag, John V.},
        title = "{A Framework for Understanding Unintended Consequences of Machine Learning}",
      journal = {arXiv e-prints},
     keywords = {Computer Science - Machine Learning, Statistics - Machine Learning},
         year = 2019,
        month = jan,
          eid = {arXiv:1901.10002},
        pages = {arXiv:1901.10002},
archivePrefix = {arXiv},
       eprint = {1901.10002},
 primaryClass = {cs.LG},
       adsurl = {https://ui.adsabs.harvard.edu/abs/2019arXiv190110002S},
      adsnote = {Provided by the SAO/NASA Astrophysics Data System}
}

@misc{Rogaway,
    author = {Phillip Rogaway},
    title = {The Moral Character of Cryptographic Work},
    howpublished = {Cryptology ePrint Archive, Report 2015/1162},
    year = {2015},
    note = {\url{https://eprint.iacr.org/2015/1162}},
}

@inproceedings{Baumer,
author = {Baumer, Eric P.S. and Silberman, M. Six},
title = {When the Implication is Not to Design (Technology)},
year = {2011},
isbn = {9781450302289},
publisher = {Association for Computing Machinery},
address = {New York, NY, USA},
url = {https://doi.org/10.1145/1978942.1979275},
doi = {10.1145/1978942.1979275},
booktitle = {Proceedings of the SIGCHI Conference on Human Factors in Computing Systems},
pages = {2271–2274},
numpages = {4},
keywords = {sustainability, non-design, reflective hci, design},
location = {Vancouver, BC, Canada},
series = {CHI '11}
}

@article{Chouldechova,
author = {Chouldechova, Alexandra},
title = {Fair Prediction with Disparate Impact: A Study of Bias in Recidivism Prediction Instruments},
journal = {Big Data},
volume = {5},
number = {2},
pages = {153-163},
year = {2017},
doi = {10.1089/big.2016.0047},
note ={PMID: 28632438},
URL = {https://doi.org/10.1089/big.2016.0047},
eprint = {https://doi.org/10.1089/big.2016.0047},
}
@ARTICLE{2018arXiv180309010G,
       author = {Gebru, Timnit and Morgenstern, Jamie and Vecchione, Briana and
         Wortman Vaughan, Jennifer and Wallach, Hanna and
         Daume, Hal, III and Crawford, Kate},
        title = "{Datasheets for Datasets}",
      journal = {arXiv e-prints},
     keywords = {Computer Science - Databases, Computer Science - Artificial Intelligence, Computer Science - Machine Learning},
         year = 2018,
        month = mar,
          eid = {arXiv:1803.09010},
        pages = {arXiv:1803.09010},
archivePrefix = {arXiv},
       eprint = {1803.09010},
 primaryClass = {cs.DB},
       adsurl = {https://ui.adsabs.harvard.edu/abs/2018arXiv180309010G},
      adsnote = {Provided by the SAO/NASA Astrophysics Data System}
}

@ARTICLE{2018arXiv181003993M,
       author = {Mitchell, Margaret and Wu, Simone and Zaldivar, Andrew and
         Barnes, Parker and Vasserman, Lucy and Hutchinson, Ben and
         Spitzer, Elena and Raji, Inioluwa Deborah and Gebru, Timnit},
        title = "{Model Cards for Model Reporting}",
      journal = {arXiv e-prints},
     keywords = {Computer Science - Machine Learning, Computer Science - Artificial Intelligence},
         year = 2018,
        month = oct,
          eid = {arXiv:1810.03993},
        pages = {arXiv:1810.03993},
archivePrefix = {arXiv},
       eprint = {1810.03993},
 primaryClass = {cs.LG},
       adsurl = {https://ui.adsabs.harvard.edu/abs/2018arXiv181003993M},
      adsnote = {Provided by the SAO/NASA Astrophysics Data System}
}





